<?xml version="1.0" encoding="UTF-8"?><collection xmlns="http://www.loc.gov/MARC21/slim"><record><leader>00403nam--2200145-i-4500</leader><controlfield tag="001">000027067</controlfield><controlfield tag="002">20161230</controlfield><controlfield tag="005">20161230201036</controlfield><controlfield tag="008">060222s1000------------r-----000-0-eng-d</controlfield><datafield ind1=" " ind2=" " tag="080"><subfield code="a">801.323.1+802.0+800.935:517.54(038)</subfield></datafield><datafield ind1=" " ind2=" " tag="100"><subfield code="a">Kober, H</subfield></datafield><datafield ind1=" " ind2=" " tag="245"><subfield code="a">Dictionary of conformal representation</subfield></datafield><datafield ind1=" " ind2=" " tag="260"><subfield code="a">New York, Dover Publ.Inc., 1952, 208p</subfield></datafield><datafield ind1=" " ind2=" " tag="852"><subfield code="a">10267</subfield><subfield code="c">517.53</subfield></datafield><datafield ind1=" " ind2=" " tag="CAT"><subfield code="a">Sys</subfield><subfield code="c">20080818</subfield><subfield code="h">094138</subfield></datafield></record></collection>